<?xml version="1.0" encoding="UTF-8"?><record xmlns="http://www.loc.gov/MARC21/slim" xmlns:cinclude="http://apache.org/cocoon/include/1.0" xmlns:zs="http://www.loc.gov/zing/srw/">
  <leader>00373nz  a2200133n  4500</leader>
  <controlfield tag="001">n 2009057821</controlfield>
  <controlfield tag="003">DLC</controlfield>
  <controlfield tag="005">20090912075201.0</controlfield>
  <controlfield tag="008">090911n| acannaabn          |a aaa      </controlfield>
  <datafield tag="010" ind1=" " ind2=" ">
    <subfield code="a">n 2009057821</subfield>
  </datafield>
  <datafield tag="040" ind1=" " ind2=" ">
    <subfield code="a">DLC</subfield>
    <subfield code="c">DLC</subfield>
  </datafield>
  <datafield tag="100" ind1="1" ind2=" ">
    <subfield code="a">Ros de Olano, Antonio.</subfield>
    <subfield code="t">Short stories.</subfield>
    <subfield code="k">Selections</subfield>
  </datafield>
  <datafield tag="400" ind1="1" ind2=" ">
    <subfield code="a">Ros de Olano, Antonio.</subfield>
    <subfield code="t">Relatos</subfield>
  </datafield>
  <datafield tag="670" ind1=" " ind2=" ">
    <subfield code="a">Ros de Olano, Antonio. Relatos, c2008.</subfield>
  </datafield>
</record>